 @book{Slides, 
 title={Slides Teóricos - Algoritmos Avançados (40751)},
 publisher={Universidade de Aveiro}, 
 author={Madeira, Joaquim}
 } 
 
 @misc{Dominating, 
 title={Dominant set of a graph}, url={https://www.geeksforgeeks.org/dominant-set-of-a-graph/}, 
 author={GeeksforGeeks}, 
 year={2022}, 
 month={Aug}
 } 
 
  @misc{programiz, 
  title={Greedy algorithm},
  url={https://www.programiz.com/dsa/greedy-algorithm}, 
  journal={Programiz}
  } 
  
   @misc{AppGraphs, 
   title={Applications of graphs in Computer Science}, url={https://unacademy.com/content/nta-ugc/study-material/computer-science/applications-of-graphs-in-computer-science/}, 
   journal={Unacademy}, 
   year={2022}, 
   month={Jun}
   } 